<?xml version="1.0" encoding="UTF-8"?><record xmlns="http://www.loc.gov/MARC21/slim" xmlns:cinclude="http://apache.org/cocoon/include/1.0" xmlns:zs="http://www.loc.gov/zing/srw/">
  <leader>01285cz  a2200169n  4500</leader>
  <controlfield tag="001">no2012000146</controlfield>
  <controlfield tag="003">DLC</controlfield>
  <controlfield tag="005">20120821075445.0</controlfield>
  <controlfield tag="008">120103n| acannaabn          |b ana     c</controlfield>
  <datafield tag="010" ind1=" " ind2=" ">
    <subfield code="a">no2012000146</subfield>
  </datafield>
  <datafield tag="035" ind1=" " ind2=" ">
    <subfield code="a">(OCoLC)oca09075570</subfield>
  </datafield>
  <datafield tag="040" ind1=" " ind2=" ">
    <subfield code="a">OrU</subfield>
    <subfield code="b">eng</subfield>
    <subfield code="c">OrU</subfield>
    <subfield code="d">DLC</subfield>
  </datafield>
  <datafield tag="111" ind1="2" ind2=" ">
    <subfield code="a">Aktualʹnye problemy finansovogo prava i gosudarstvennogo regulirovanii︠a︡ ėkonomiki v krizisnyĭ period</subfield>
    <subfield code="d">(2009 :</subfield>
    <subfield code="c">Kazanʹ, Russia)</subfield>
  </datafield>
  <datafield tag="411" ind1="2" ind2=" ">
    <subfield code="a">Актуальные проблемы финансового права и государственного регулирования экономики в кризисный период</subfield>
    <subfield code="d">(2009 :</subfield>
    <subfield code="c">Kazanʹ, Russia)</subfield>
  </datafield>
  <datafield tag="667" ind1=" " ind2=" ">
    <subfield code="a">THIS 1XX FIELD CANNOT BE USED UNDER RDA UNTIL THIS RECORD HAS BEEN REVIEWED AND/OR UPDATED</subfield>
  </datafield>
  <datafield tag="667" ind1=" " ind2=" ">
    <subfield code="a">Non-Latin script reference not evaluated.</subfield>
  </datafield>
  <datafield tag="670" ind1=" " ind2=" ">
    <subfield code="a">Aktualʹnye problemy finansovogo prava i gosudarstvennogo regulirovanii︠a︡ ėkonomiki v krizisnyĭ period, 2009:</subfield>
    <subfield code="b">t.p. (Актуальные проблемы финансового права и государственного регулирования экономики в кризисный период = Aktualʹnye problemy finansovogo prava i gosudarstvennogo regulirovanii︠a︡ ėkonomiki v krizisnyĭ period; held Sep. 18, 2009 in Kazanʹ, Russia)</subfield>
  </datafield>
</record>